<record><leader>00000cas a22000007a 4500</leader><controlfield tag="001">12211089</controlfield><controlfield tag="008">850628d18341835nyuwr ne      0    0eng d</controlfield><datafield ind1=" " ind2=" " tag="010"><subfield code="a">sn 85026409 </subfield></datafield><datafield ind1=" " ind2=" " tag="040"><subfield code="a">NPX</subfield><subfield code="b">eng</subfield><subfield code="c">NPX</subfield><subfield code="d">OCLCQ</subfield></datafield><datafield ind1=" " ind2=" " tag="042"><subfield code="a">msc</subfield></datafield><datafield ind1="0" ind2=" " tag="130"><subfield code="a">National advocate (New York, N.Y. : 1834)</subfield></datafield><datafield ind1="1" ind2="4" tag="245"><subfield code="a">The national advocate.</subfield></datafield><datafield ind1=" " ind2=" " tag="260"><subfield code="a">New-York [N.Y.] :</subfield><subfield code="b">Jared W. Bell,</subfield><subfield code="c">1834-1835.</subfield></datafield><datafield ind1=" " ind2=" " tag="300"><subfield code="a">v.</subfield></datafield><datafield ind1=" " ind2=" " tag="310"><subfield code="a">Weekly</subfield></datafield><datafield ind1="0" ind2=" " tag="362"><subfield code="a">Vol. 1, no. 1 (Sept. 10, 1834)-v. 1, no. 20 (Jan. 28, 1835).</subfield></datafield><datafield ind1=" " ind2=" " tag="500"><subfield code="a">Editor: Theron Rudd.</subfield></datafield><datafield ind1=" " ind2=" " tag="752"><subfield code="a">United States</subfield><subfield code="b">New York</subfield><subfield code="c">New York</subfield><subfield code="d">New York.</subfield></datafield><datafield ind1="1" ind2=" " tag="029"><subfield code="a">AU@</subfield><subfield code="b">000025829073</subfield></datafield></record>